@book{Wasserman:2004,
  title = {All of Statistics},
  publisher = {Springer},
  year = {2004},
  author = {Larry Wasserman},
address = {New York, NY}
}

@article{Underhill:1999,
	author = {Underhill, Kevin},
	journal = {Green Bag},
	month = jul,
	number = {4},
	pages = {449--451},
	title = {{If Great Literary Works Had Been Written By Lawyers}},
	volume = {2},
	year = {1999}}

@inproceedings{Xu:2021,
 author = {Xu, Ziyu and Wang, Ruodu and Ramdas, Aaditya},
 booktitle = {Advances in Neural Information Processing Systems},
 editor = {M. Ranzato and A. Beygelzimer and Y. Dauphin and P.S. Liang and J. Wortman Vaughan},
 pages = {16833--16845},
 publisher = {Curran Associates, Inc.},
 title = {A unified framework for bandit multiple testing},
 url = {https://proceedings.neurips.cc/paper/2021/file/8c460674cd61bf189e62b4da4bd9d7c1-Paper.pdf},
 volume = {34},
 year = {2021}
}
